@mastersthesis{kodali,
  title = {The Design and Implementation of an E-commerce Site for Online Book Sales},
  author = {Swapna Kodali},
  school = {Indiana University South Bend},
  year = {2007},
}

@misc{django,
  title = {Django: The Web framework for perfectionists with deadlines},
  howpublished = {\url{https://www.djangoproject.com}},
}

@misc{retail,
  title = {UML Diagrams for Retail Store Management},
  author = {Programs \& Notes for MCA},
  year = {2016},
  howpublished = {\url{http://www.programsformca.com/2012/03/uml-retail-store-mgmt-diagrams-case.html}},
}
